@manual{SIE06,
  author = "Matthias Siebert and others",
  title = "\emph{\emph{ScaleNet -- Converged Networks of the Future}}",
  month = "April",
  year = "2006",
  note = {it - Information Technology, ISSN: 1611-2776, volume 48, pages 253--263. Also available online from:\newline
  \url{http://telematics.tm.kit.edu/publications/Files/204/it0605_253a.pdf}}
  }

@manual{SIV08A,
  author = "Dmitry Sivchenko and others",
  organization = "\acl{T-Labs}",
  title = "\emph{\emph{ScaleNet -- Personal Network Administration Interface}}",
  month = "June",
  year = "2008",
  note = {Internal Document}
  }

@manual{SIV08B,
  author = "Dmitry Sivchenko and others",
  organization = "\acl{T-Labs}",
  title = "\emph{\emph{ScaleNet -- IMS Demonstrator}}",
  month = "August",
  year = "2008",
  note = {Internal Document}
  }

@manual{HTML4,
  author = "Dave Raggett and others",
  organization = "W3C",
  title = "HTML 4.01 Specification",
  month = "December",
  year = "1999",
  note = {Last checked on April 2011.\newline
  \url{http://www.w3.org/TR/html401/}}
  }

@manual{XHTML,
  author = "Shane McCarron and others",
  organization = "W3C",
  title = "XHTML 1.1 Specification",
  month = "November",
  year = "2010",
  note = {Last checked on April 2011.\newline
  \url{http://www.w3.org/TR/xhtml11/}}
  }

@manual{HTML5,
  author = "Ian Hickson",
  organization = "W3C",
  title = "HTML 5 Specification",
  month = "January",
  year = "2011",
  note = {Last checked on April 2011.\newline
  \url{http://www.w3.org/TR/html5/}}
  }

@manual{HTML5NEW,
  author = "VÃ­ctor Pimentel",
  organization = "AnexoM, Jazztel",
  title = "Las novedades de HTML5 \emph{(Spanish)}",
  month = "June",
  year = "2009",
  note = {Four part article series last checked on April 2011.\newline
\url{http://www.anexom.es/tecnologia/diseno-web/las-novedades-de-html5-i/}\newline
\url{http://www.anexom.es/tecnologia/diseno-web/las-novedades-de-html5-ii/}\newline
\url{http://www.anexom.es/tecnologia/diseno-web/las-novedades-de-html5-ii/}\newline
\url{http://www.anexom.es/tecnologia/diseno-web/las-novedades-de-html5-y-iv/}\newline}
  }

@manual{CSS,
  organization = "W3C",
  title = "CSS Current Work",
  note = {Last checked on April 2011.\newline
  \url{http://www.w3.org/Style/CSS/current-work}}
  }

@manual{CSS2,
  author = "Bert Bos and others",
  organization = "W3C",
  title = "CSS 2.1 Specification",
  month = "December",
  year = "2010",
  note = {Last checked on April 2011.\newline
  \url{http://www.w3.org/TR/CSS21/}}
  }

@manual{MooCore,
  organization = "MooTools",
  title = "MooTools API Documentation\emph{, Version 1.2.5}",
  note = {Last checked on April 2011.\newline
  \url{http://mootools.net/docs/core125/core}}
  }

@manual{MooHashCookie,
  organization = "MooTools",
  title = "MooTools Docs: Class Hash.Cookie\emph{, Version 1.2.5}",
  note = {Last checked on April 2011.\newline
  \url{http://mootools.net/docs/more/Utilities/Hash.Cookie}}
  }

@manual{Ape,
  organization = "Weelya",
  title = "APE (Ajax Push Engine)",
  note = {Last checked on April 2011.\newline
  \url{http://www.ape-project.org/}},
  }

@manual{ApeDownload,
  organization = "Weelya",
  title = "APE Server Download\emph{, Version 1.0}",
  note = {Last checked on April 2011.\newline
  \url{http://www.ape-project.org/download/APE_Server.html}},
  }

@manual{ApeSetup,
  organization = "Weelya",
  title = "APE Setup Manual\emph{, Community Wiki}",
  note = {Last checked on April 2011.\newline
  \url{http://www.ape-project.org/wiki/index.php/Setup}},
  }

@manual{ApeConfig,
  organization = "Weelya",
  title = "Advanced APE Configuration\emph{, Community Wiki}",
  note = {Last checked on April 2011.\newline
  \url{http://www.ape-project.org/wiki/index.php/Advanced_APE_configuration}},
  }

@ARTICLE{Bailey,
   author = "D. H. Bailey and P. N. Swarztrauber",
   title = "The fractional {F}ourier transform and applications",
   journal = "SIAM Rev.",
   volume = 33,
   number = 3,
   pages = "389--404",
   year = 1991
   }

@ARTICLE{Bay1,
   author = "A. Bayliss and C. I. Goldstein and E. Turkel",
   title = "An iterative method for the {H}elmholtz equation",
   journal = "J. Comp. Phys.",
   volume = 49,
   pages = "443--457",
   year = 1983
   }

@TECHREPORT{Ernst,
   author = "O. Ernst and G. Golub",
   title = "A domain decomposition approach to solving the {H}elmholtz
		equation with a radiation boundary condition",
   number = "NA-92-08",
   school = "Stanford University, Computer Science Department",
   year = "August 1992"
   }

@TECHREPORT{Fujitsu,
   organization = "Fujitsu",
   title = "FACOM OS IV SSL II USER'S GUIDE, 99SP0050E5",
   year = 1990
   }

@ARTICLE{Gold3,
   author = "C. I. Goldstein",
   title = "Multigrid methods for elliptic problems in unbounded domains",
   journal = "SIAM J. Numer. Anal.",
   volume = 30,
   pages = "159--183",
   year = 1993
   }

@BOOK{Hale,
   author = "J. K. Hale",
   title = "Theory of functional--differential equations",
   publisher = "Springer--Verlag, Berlin--Heidelberg--New York",
   year = 1977
   }

@INBOOK{Swa82,
   author = "P. N. Swarztrauber",
   title = "Vectorizing the {FFTs}",
   editor = "G.~Rodrigue",
   booktitle = "Parallel Computations",
   publisher = "Academic Press, New York",
   year = 1982
   }

@PHDTHESIS{Ta,
   author = "S. Ta'asan",
   title = "Multigrid Methods for Highly Oscillatory Problems",
   school = "Weizmann Institute of Science, Rehovot, Israel",
   year = "1984"
   }
